@article{merizzi,
  title={Wind speed super-resolution and validation: from ERA5 to CERRA via diffusion models},
  author={Merizzi, Fabio and Asperti, Andrea and Colamonaco, Stefano},
  journal={Neural Computing and Applications},
  volume={36},
  number={34},
  pages={21899--21921},
  year={2024},
  publisher={Springer}
}

@inproceedings{ronneberger2015u,
  title={U-net: Convolutional networks for biomedical image segmentation},
  author={Ronneberger, Olaf and Fischer, Philipp and Brox, Thomas},
  booktitle={Medical image computing and computer-assisted intervention--MICCAI 2015: 18th international conference, Munich, Germany, October 5-9, 2015, proceedings, part III 18},
  pages={234--241},
  year={2015},
  organization={Springer}
}

@article{watt2024generative,
  title={Generative diffusion-based downscaling for climate},
  author={Watt, Robbie A and Mansfield, Laura A},
  journal={arXiv preprint arXiv:2404.17752},
  year={2024}
}